@manual{eduboard-man,
    title       = "LPC2148 Education Board Userâ€™s Guide",
    organization= "Embedded Artists",
    year        = 2006,
    note        = "EA2-USG-0601 v1.2 Rev B"
}

@manual{display-man,
  title        = {HD44780U (LCD-II)
(Dot Matrix Liquid Crystal Display Controller/Driver)},
  organization = "Hitachi",
  note         = {ADE-207-272(Z) '99.9 Rev. 0.0},

}